@Comment{Libros ===================================================}

@book{telco_ntwks_for_the_smart_grid,
	author = {Sendin, A. and Sánchez-Fornie, M. and Berganza, I. and Simón, J. and Urrutia, I.},
	title = {Telecommunication Networks for the Smart Grid},
	publisher = {Artech House},
	year = {2016},
	address = {Norwood, MA},
	isbn = {9781630810467}
}


@Comment{Artículos y papers ===================================================}

@article{evolution_of_prime_to_plc_rf_hybrid_systems,
   author={Sanz, A.},
   title={Evolution of PRIME to PLC-RF hybrid systems},
   journal={Global Power, Energy and Communication Conference},
   year=2019,
   pages={74-79}
}


@article{experimental_perf_evaluation_802154_SUN,
   author={Sum, C. and Zhou, M. and Kojima, F. and Harada, H.},
   title={Experimental Performance Evaluation of Multihop IEEE
802.15.4/4g/4e Smart Utility Networks in Outdoor Environment},
   journal={Hindawi. Mobile Communications and Mobile Computing},
   volume={2017},
   number = {7137406},
   year=2017,
}


@article{prime_replicability,
   author={González-Sostres, L. and Mateo, C. and Frías P. and Rodríguez-Morcillo C. and Matanza, J.},
   title={Replicability Analysis of PLC PRIME Networks for Smart Metering Applications },
   journal={IEEE Transactions on Smart Grid},
   volume={9},
   number = {2},
   year=2018,
   pages={827-835}
}

@article{prime_hybrid_solution_combines_plc_and_rf,
   author={Llano, A.},
   title={PRIME hybrid solution combines PLC and RF},
   journal={PRIME Alliance},
   year=2020,
   note = {https://www.prime-alliance.org/blog/2020/11/03/prime-hybrid-solution-combines-plc-and-rf-by-ziv-automation-smart-energy-international/}
}

@article{prime_v14_evolution_a_future__proof_of_reality_beyond_metering,
   author={Sendín, A. and Hal Kim, I. and Bois, S. and Munoz Atmel, A. and Llano, A.},
   title={PRIME v1.4 evolution: A future proof of reality beyond metering},
   journal={IEEE International Conference on Smart Grid Communications},
   year=2014,
   pages={332-337}
}

@article{the_new_frontier_of_smart_grids,
   author={Yu, X. and Cecati, C. and Dillon, T. and Godoy, M},
   title={The New Frontier of Smart Grids},
   journal={IEEE Industrial Electronics Magazine},
   volume={11},
   year=2011,
   pages={49-63}
}


@article{theoretical_analysis_of_report_success_probability_in_IEE_802154,
   author={Elshabrawy, T. and Ashour, M. and Robert, J},
   title={Theoretical Analysis of Report Success Probability in IEEE
802.15.4-Based Smart Utility Networks},
   journal={IEEE},
   year=2016,
}

@article{toward_more_efficient_more_secure_PLC_RF_Hybrid,
   author={Kiedrowski, P.},
   title={Toward More Efficient and More Secure Last Mile Smart
Metering and Smart Lighting Communication Systems with
the Use of PLC/RF Hybrid Technology},
   journal={International Journal of Distributed Sensor Networks},
   year=2015,
}

@Comment{Technical Reports ===================================================}

@techreport{Dummy,
  author = {IEEE Standards Board},
  title = {IEEE Standard for Low-Rate Wireless Networks},
  institution = {IEEE SA},
  year = {2020},
  number = {P-41},
  type = {Standards}
}

@techreport{802,
  author = {IEEE Standards Board},
  title = {IEEE Standard for Low-Rate Wireless Networks},
  institution = {IEEE SA},
  year = {2020},
}


@techreport{prime_v14_specifications,
  author = {IEEE Standards Board},
  title = {Specification for PRIME v1.4},
  institution = {PRIME Alliance},
  year = {2014},
}

@techreport{primeWhitePaper,
  author = {IEEE Standards Board},
  title = {PRIME v1.4 White Paper},
  institution = {PRIME Alliance},
  year = {2014},
}






@Comment{Tésis Doctorales ===================================================}

@phdthesis{tesis_jmatanza,
   author = {Matanza, J.},
   title = {Improvements in the PLC Systems for Smart Grids Environments},
   year = {2013}
   }


@Comment{Legislación ===================================================}

@book{boe_renovacion_contadores_2020,
	author = {Ministerio de Industria Comercio y Turismo},
	title = {Orden ICT/155/2020, de 7 de febrero, por la que se regula el control
metrológico del Estado de determinados instrumentos de medida.},
	publisher = {Boletín Oficial del Estado},
	year = {2020},
	note = {BOE-A-2020-2573 p.40-41}
}

@book{boe_renovacion_contadores_2012,
	author = {Ministerio de Industria Comercio y Turismo},
	title = {Orden IET/290/2012, de 16 de febrero, por la que se modifica la Orden ITC/3860/2007, de 28 de diciembre, por la que se revisan las tarifas eléctricas a partir del 1 de enero de 2008 en lo relativo al plan de sustitución de contadores.},
	publisher = {Boletín Oficial del Estado},
	year = {2012},
	note = {BOE-A-2012-2538 p.1-3}
}

@book{boe_renovacion_contadores_2007,
	author = {Ministerio de Industria Comercio y Turismo},
	title = {ORDEN ITC/3860/2007, de 28 de diciembre, por la que se revisan las tarifas eléctricas a partir del 1 de enero de 2008.},
	publisher = {Boletín Oficial del Estado},
	year = {2007},
	note = {BOE-A-2007-22458}
}


@book{cnmc_renovacion_contadores,
	author = {Comisión Nacional de los Mercados y la Competencia},
	title = {Acuerdo por el que se emite informe sobre el cumplimiento del último hito del plan de sustitución de contadores.},
	publisher = {CNMC},
	year = {2019},
	note = {INF/DE/180/18}
}

@Comment{Páginas web ===================================================}

@online{simprime,
  author = {Matanza, J.},
  title = {{SimPRIME}},
  url = {https://www.iit.comillas.edu/oferta-tecnologica/simprime},
  urldate = {2020-10-21}
}


@online{ree_consumo_medio,
  author = {Red Eléctrica Española},
  title = {{Cómo consumimos electricidad}},
  url = {https://www.ree.es/sites/default/files/interactivos/como_consumimos_electricidad/como-varia-mi-consumo.html},
  urldate = {2020-10-21}
}

@Comment{Varios ===================================================}

@misc{miscs,
  author = {},
  institution = {},
  title = {{OMNeT} Network Simulation Tool},
  howpublished = {\url{https://omnetpp.org/}},
  note = {Visited on 10/21/2021}
}

@misc{conversacion_nico_arcauz,
  author = {Arcauz, N.},
  institution = {Iberdrola},
  title = {Conversación sobre proyectos de despliegue de red},
  note = {Octubre 2021}
}


@misc{inet,
  author = {},
  institution = {},
  title = {{INET} Model suite for wired, wireless and mobile networks},
  howpublished = {\url{https://inet.omnetpp.org/}}
}

@misc{prime_alliance_description_document,
  institution = {PRIME Alliance},
  title = {PRIME Alliance Corporate Presentation},
  note = {Visited on 28/10/2021},
  howpublished = {\url{https://www.prime-alliance.org/wp-content/uploads/2021/05/PRIME-Corporate-presentation.pdf}}
}



@misc{omnet,
  author = {},
  institution = {},
  title = {{OMNeT} Network Simulation Tool},
  howpublished = {\url{https://omnetpp.org/}}
}

